% Time-stamp: <bibtex.bib  31 Oct 12 10:19:40>

@Article{Fenn:2006,
  author = 	 {Fenn, J{\"u}rgen},
  title = 	 {Managing citations and your bibliography with {\BibTeX}},
  journal = 	 {The Prac\TeX\ journal},
  year = 	 {2006},
  key = 	 {},
  volume = 	 {},
  number = 	 {4},
  pages = 	 {},
  month = 	 {},
  note = 	 {},
  annote = 	 {}
}

@Book{Knuth:1986,
  author = 	 {Knuth, Donald E.},
  ALTeditor = 	 {},
  title = 	 {The \TeX{book}},
  publisher = 	 {Addison-Wesley},
  year = 	 {1986},
  key = 	 {},
  volume = 	 {},
  number = 	 {},
  series = 	 {},
  address = 	 {},
  edition = 	 {},
  month = 	 {},
  note = 	 {},
  annote = 	 {}
}

@Book{Lamport:1994,
  author = 	 {Lamport, Leslie},
  ALTeditor = 	 {},
  title = 	 {{\LaTeX}: A document preparation system: User's guide and reference},
  publisher = 	 {Addison-Wesley},
  year = 	 {1994},
  key = 	 {},
  volume = 	 {},
  number = 	 {},
  series = 	 {},
  address = 	 {},
  edition = 	 {},
  month = 	 {},
  note = 	 {},
  annote = 	 {}
}

@Misc{BM:2015,
  key = 	 {},
  author = 	 {Bedon, Nicolas and Lefebvre, Arnaud and Mignot, Ludovic},
  title = 	 {Mybib: utilitaire de manipulation de {\BibTeX}},
  howpublished = {},
  month = 	 nov,
  year = 	 {2015},
  note = 	 {Projet de compilation, $1^\text{ère}$ année du Master d'informatique de l'Université de Rouen, année universitaire 2015--16},
  annote = 	 {}
}

